
@book{schroeder_daniel_thermal_physics,
  title = {An Introduction to Thermal Physics},
  author = {Schroeder, Daniel V.},
  year = {2000},
  publisher = {{Addison Wesley Longman}},
  keywords = {Statistical Physics}
}


